<?xml version="1.0" encoding="UTF-8"?><collection xmlns="http://www.loc.gov/MARC21/slim"><record><leader>00420nam--2200109-i-4500</leader><controlfield tag="001">000018645</controlfield><controlfield tag="002">20161230</controlfield><controlfield tag="005">20161230201032</controlfield><controlfield tag="008">060222s1000------------r-----000-0-eng-d</controlfield><datafield ind1=" " ind2=" " tag="245"><subfield code="a">Conference sur la technologie des matieres nucleaires nouvelles, notamment des cartouches de combustible non metallique.prague, 1-5 juillet 1963.resumes des memoires</subfield></datafield><datafield ind1=" " ind2=" " tag="260"><subfield code="a">Vienne, Agence Intern.De L Energie Nucl., 1963 70 P</subfield></datafield><datafield ind1=" " ind2=" " tag="852"><subfield code="a">9021</subfield></datafield></record></collection>